@Article{TAUP-2023-02,
    author         = "{ATLAS Collaboration}",
    title          = "{Improved reconstruction of highly boosted \(\tau\)-lepton pairs in the \(\tau\tau \rightarrow (\mu\nu_{\mu}\nu_{\tau})(\mathrm{hadrons}+\nu_{\tau})\) decay channels with the ATLAS detector}",
    year           = "2024",
    reportNumber   = "CERN-EP-2024-289",
    doi            = "10.1140/epjc/s10052-025-14012-4",
    eprint         = "2412.14937",
    archivePrefix  = "arXiv",
    primaryClass   = "hep-ex",
}

@Article{HMBS-2024-25,
    author         = "{ATLAS Collaboration}",
    title          = "{Search for Higgs boson exotic decays into Lorentz-boosted light bosons in the four-\(\tau\) final state at \(\sqrt{s} = 13\,\mathrm{TeV}\) with the ATLAS detector}",
    year           = "2025",
    reportNumber   = "CERN-THESIS-2013-360, CERN-EP-2025-038",
    eprint         = "2503.05463",
    archivePrefix  = "arXiv",
    primaryClass   = "hep-ex",
}

@phdthesis{CERN-THESIS-2025-007,
    author = "Dong, Qichen",
    title = "{Novel Boosted $\mathbf{\tau}_\mathrm{lep}\mathbf{\tau}_\mathrm{had}$ Reconstruction Techniques for
                   TeV-Scale Graviton Search in $HH\rightarrow{b}{\bar{b}}{\tau}_\mathrm{\mu}{\tau}_\mathrm{had}$
                   Channel with the ATLAS Detector
                  }",
    reportNumber = "CERN-THESIS-2025-007",
    school = "Manchester U, Manchester U., 2025-02-11",
    year = "2024"
}